%%***************************************************************%
%%                                                               %
%%                      Biliografia - Andre                      %
%%                                                               %
%%***************************************************************%
@ARTICLE{Martin2005,
   author = {{Martin}, D.~C. and {Fanson}, J. and {Schiminovich}, D. and 
	{Morrissey}, P. and {Friedman}, P.~G. and {Barlow}, T.~A. and 
	{Conrow}, T. and {Grange}, R. and {Jelinsky}, P.~N. and {Milliard}, B. and 
	{Siegmund}, O.~H.~W. and {Bianchi}, L. and {Byun}, Y.-I. and 
	{Donas}, J. and {Forster}, K. and {Heckman}, T.~M. and {Lee}, Y.-W. and 
	{Madore}, B.~F. and {Malina}, R.~F. and {Neff}, S.~G. and {Rich}, R.~M. and 
	{Small}, T. and {Surber}, F. and {Szalay}, A.~S. and {Welsh}, B. and 
	{Wyder}, T.~K.},
    title = "{The Galaxy Evolution Explorer: A Space Ultraviolet Survey Mission}",
  journal = {\apjl},
   eprint = {arXiv:astro-ph/0411302},
 keywords = {Galaxies: Evolution, Galaxies: General, Space Vehicles: Instruments, Surveys, Ultraviolet: Galaxies, Ultraviolet: General},
     year = 2005,
    month = jan,
   volume = 619,
    pages = {L1-L6},
      doi = {10.1086/426387},
   adsurl = {http://adsabs.harvard.edu/abs/2005ApJ...619L...1M},
  adsnote = {Provided by the SAO/NASA Astrophysics Data System}
}

@ARTICLE{Morrissey2005,
   author = {{Morrissey}, P. and {Schiminovich}, D. and {Barlow}, T.~A. and 
	{Martin}, D.~C. and {Blakkolb}, B. and {Conrow}, T. and {Cooke}, B. and 
	{Erickson}, K. and {Fanson}, J. and {Friedman}, P.~G. and {Grange}, R. and 
	{Jelinsky}, P.~N. and {Lee}, S.-C. and {Liu}, D. and {Mazer}, A. and 
	{McLean}, R. and {Milliard}, B. and {Randall}, D. and {Schmitigal}, W. and 
	{Sen}, A. and {Siegmund}, O.~H.~W. and {Surber}, F. and {Vaughan}, A. and 
	{Viton}, M. and {Welsh}, B.~Y. and {Bianchi}, L. and {Byun}, Y.-I. and 
	{Donas}, J. and {Forster}, K. and {Heckman}, T.~M. and {Lee}, Y.-W. and 
	{Madore}, B.~F. and {Malina}, R.~F. and {Neff}, S.~G. and {Rich}, R.~M. and 
	{Small}, T. and {Szalay}, A.~S. and {Wyder}, T.~K.},
    title = "{The On-Orbit Performance of the Galaxy Evolution Explorer}",
  journal = {\apjl},
   eprint = {arXiv:astro-ph/0411310},
 keywords = {Space Vehicles: Instruments, Surveys, Telescopes, Ultraviolet: General},
     year = 2005,
    month = jan,
   volume = 619,
    pages = {L7-L10},
      doi = {10.1086/424734},
   adsurl = {http://adsabs.harvard.edu/abs/2005ApJ...619L...7M},
  adsnote = {Provided by the SAO/NASA Astrophysics Data System}
}

@ARTICLE{Morrissey2007,
   author = {{Morrissey}, P. and {Conrow}, T. and {Barlow}, T.~A. and {Small}, T. and 
	{Seibert}, M. and {Wyder}, T.~K. and {Budav{\'a}ri}, T. and 
	{Arnouts}, S. and {Friedman}, P.~G. and {Forster}, K. and {Martin}, D.~C. and 
	{Neff}, S.~G. and {Schiminovich}, D. and {Bianchi}, L. and {Donas}, J. and 
	{Heckman}, T.~M. and {Lee}, Y.-W. and {Madore}, B.~F. and {Milliard}, B. and 
	{Rich}, R.~M. and {Szalay}, A.~S. and {Welsh}, B.~Y. and {Yi}, S.~K.
	},
    title = "{The Calibration and Data Products of GALEX}",
  journal = {\apjs},
 keywords = {Space Vehicles, Surveys, Telescopes, Ultraviolet: General},
     year = 2007,
    month = dec,
   volume = 173,
    pages = {682-697},
      doi = {10.1086/520512},
   adsurl = {http://adsabs.harvard.edu/abs/2007ApJS..173..682M},
  adsnote = {Provided by the SAO/NASA Astrophysics Data System}
}


@ARTICLE{Budavari2009,
   author = {{Budav{\'a}ri}, T. and {Heinis}, S. and {Szalay}, A.~S. and 
	{Nieto-Santisteban}, M. and {Gupchup}, J. and {Shiao}, B. and 
	{Smith}, M. and {Chang}, R. and {Kauffmann}, G. and {Morrissey}, P. and 
	{Schiminovich}, D. and {Milliard}, B. and {Wyder}, T.~K. and 
	{Martin}, D.~C. and {Barlow}, T.~A. and {Seibert}, M. and {Forster}, K. and 
	{Bianchi}, L. and {Donas}, J. and {Friedman}, P.~G. and {Heckman}, T.~M. and 
	{Lee}, Y.-W. and {Madore}, B.~F. and {Neff}, S.~G. and {Rich}, R.~M. and 
	{Welsh}, B.~Y.},
    title = "{GALEX-SDSS Catalogs for Statistical Studies}",
  journal = {\apj},
archivePrefix = "arXiv",
   eprint = {0904.1392},
 primaryClass = "astro-ph.CO",
 keywords = {catalogs, methods: statistical, surveys, ultraviolet: general},
     year = 2009,
    month = apr,
   volume = 694,
    pages = {1281-1292},
      doi = {10.1088/0004-637X/694/2/1281},
   adsurl = {http://adsabs.harvard.edu/abs/2009ApJ...694.1281B},
  adsnote = {Provided by the SAO/NASA Astrophysics Data System}
}

@ARTICLE{Wyder2007,
   author = {{Wyder}, T.~K. and {Martin}, D.~C. and {Schiminovich}, D. and 
	{Seibert}, M. and {Budav{\'a}ri}, T. and {Treyer}, M.~A. and 
	{Barlow}, T.~A. and {Forster}, K. and {Friedman}, P.~G. and 
	{Morrissey}, P. and {Neff}, S.~G. and {Small}, T. and {Bianchi}, L. and 
	{Donas}, J. and {Heckman}, T.~M. and {Lee}, Y.-W. and {Madore}, B.~F. and 
	{Milliard}, B. and {Rich}, R.~M. and {Szalay}, A.~S. and {Welsh}, B.~Y. and 
	{Yi}, S.~K.},
    title = "{The UV-Optical Galaxy Color-Magnitude Diagram. I. Basic Properties}",
  journal = {\apjs},
archivePrefix = "arXiv",
   eprint = {0706.3938},
 keywords = {Galaxies: Evolution, Galaxies: Fundamental Parameters, Galaxies: Luminosity Function, Mass Function, Galaxies: Statistics, Ultraviolet: Galaxies},
     year = 2007,
    month = dec,
   volume = 173,
    pages = {293-314},
      doi = {10.1086/521402},
   adsurl = {http://adsabs.harvard.edu/abs/2007ApJS..173..293W},
  adsnote = {Provided by the SAO/NASA Astrophysics Data System}
}

@inproceedings{Chamberlin1974,
 author = {Chamberlin, Donald D. and Boyce, Raymond F.},
 title = {SEQUEL: A structured English query language},
 booktitle = {Proceedings of the 1974 ACM SIGFIDET (now SIGMOD) workshop on Data description, access and control},
 series = {SIGFIDET '74},
 year = {1974},
 location = {Ann Arbor, Michigan},
 pages = {249--264},
 numpages = {16},
 url = {http://doi.acm.org/10.1145/800296.811515},
 doi = {http://doi.acm.org/10.1145/800296.811515},
 acmid = {811515},
 publisher = {ACM},
 address = {New York, NY, USA},
 keywords = {Data Base Management Systems, Data Manipulation Languages, Information Retrieval, Query Languages},
} 

@article{Codd1970,
 author = {Codd, E. F.},
 title = {A relational model of data for large shared data banks},
 journal = {Commun. ACM},
 issue_date = {June 1970},
 volume = {13},
 issue = {6},
 month = {June},
 year = {1970},
 issn = {0001-0782},
 pages = {377--387},
 numpages = {11},
 url = {http://doi.acm.org/10.1145/362384.362685},
 doi = {http://doi.acm.org/10.1145/362384.362685},
 acmid = {362685},
 publisher = {ACM},
 address = {New York, NY, USA},
 keywords = {composition, consistency, data bank, data base, data integrity, data organization, data structure, derivability, hierarchies of data, join, networks of data, predicate calculus, redundancy, relations, retrieval language, security},
} 

@ARTICLE{Code1970,
   author = {{Code}, A.~D. and {Houck}, T.~E. and {McNall}, J.~F. and {Bless}, R.~C. and 
	{Lillie}, C.~F.},
    title = "{Ultraviolet Photometry from the Orbiting Astronomical Observatory. I. Instrumentation and Operation}",
  journal = {\apj},
     year = 1970,
    month = aug,
   volume = 161,
    pages = {377-+},
      doi = {10.1086/150545},
   adsurl = {http://adsabs.harvard.edu/abs/1970ApJ...161..377C},
  adsnote = {Provided by the SAO/NASA Astrophysics Data System}
}

@ARTICLE{Boksenberg1973,
   author = {{Boksenberg}, A. and {Evans}, R.~G. and {Fowler}, R.~G. and 
	{Gardner}, I.~S.~K. and {Houziaux}, L. and {Humphries}, C.~M. and 
	{Jamar}, C. and {Macau}, D. and {Malaise}, D. and {Monfils}, A. and 
	{Nandy}, K. and {Thompson}, G.~I. and {Wilson}, R. and {Wroe}, H.
	},
    title = "{The ultra-violet sky-survey telescope in the TD-IA satellite.}",
  journal = {\mnras},
     year = 1973,
   volume = 163,
    pages = {291-322},
   adsurl = {http://adsabs.harvard.edu/abs/1973MNRAS.163..291B},
  adsnote = {Provided by the SAO/NASA Astrophysics Data System}
}

@ARTICLE{vanDuinen1975,
   author = {{van Duinen}, R.~J. and {Aalders}, J.~W.~G. and {Wesselius}, P.~R. and 
	{Wildeman}, K.~J. and {Wu}, C.~C. and {Luinge}, W. and {Snel}, D.
	},
    title = "{The ultraviolet experiment onboard the astronomical Netherlands satellite - ANS}",
  journal = {\aap},
 keywords = {ASTRONOMICAL NETHERLANDS SATELLITE, SATELLITE-BORNE INSTRUMENTS, SPACEBORNE ASTRONOMY, ULTRAVIOLET PHOTOMETRY, SPECTRAL LINE WIDTH, STELLAR SPECTROPHOTOMETRY, ULTRAVIOLET SPECTROPHOTOMETERS},
     year = 1975,
    month = feb,
   volume = 39,
    pages = {159-163},
   adsurl = {http://adsabs.harvard.edu/abs/1975A%26A....39..159V},
  adsnote = {Provided by the SAO/NASA Astrophysics Data System}
}

@book{Kondo1987,
  title={Exploring the universe with the IUE satellite},
  author={Kondo, Y. and Wamsteker, W.},
  isbn={9789027723802},
  lccn={87009807},
  series={Astrophysics and space science library},
  url={http://books.google.com/books?id=hDcpAAAAYAAJ},
  year={1987},
  publisher={D. Reidel}
}

@ARTICLE{Carruthers1973,
   author = {{Carruthers}, G.~R.},
    title = "{Apollo 16 far-ultraviolet camera/spectrograph: Instrument and operations.}",
  journal = {\ao},
     year = 1973,
   volume = 12,
    pages = {2501-2508},
      doi = {10.1364/AO.12.002501},
   adsurl = {http://adsabs.harvard.edu/abs/1973ApOpt..12.2501C},
  adsnote = {Provided by the SAO/NASA Astrophysics Data System}
}

@ARTICLE{Henize1975,
   author = {{Henize}, K.~G. and {Wray}, J.~D. and {Parsons}, S.~B. and {Benedict}, G.~F. and 
	{Bruhweiler}, F.~C. and {Rybski}, P.~M. and {Ocallaghan}, F.~G.
	},
    title = "{SKYLAB ultraviolet stellar spectra - Variation of intensity and structure of strong lines with temperature and luminosity}",
  journal = {\apjl},
 keywords = {EARLY STARS, SKYLAB PROGRAM, SPACEBORNE ASTRONOMY, SPECTRAL LINE WIDTH, STELLAR SPECTRA, ULTRAVIOLET SPECTRA, ASTRONOMICAL PHOTOGRAPHY, LUMINOUS INTENSITY, STELLAR LUMINOSITY, STELLAR TEMPERATURE},
     year = 1975,
    month = jul,
   volume = 199,
    pages = {L119-L121},
      doi = {10.1086/181862},
   adsurl = {http://adsabs.harvard.edu/abs/1975ApJ...199L.119H},
  adsnote = {Provided by the SAO/NASA Astrophysics Data System}
}

@ARTICLE{Bowyer1993,
   author = {{Bowyer}, S. and {Sasseen}, T.~P. and {Lampton}, M. and {Wu}, X.
	},
    title = "{In-Flight Performance and Preliminary Results from the Far Ultraviolet Space Telescope (Faust) Flown on ATLAS-1}",
  journal = {\apj},
 keywords = {ARTIFICIAL SATELLITES, SPACE PROBES, INSTRUMENTATION: DETECTORS, TELESCOPES, ULTRAVIOLET: GENERAL, ULTRAVIOLET: STARS},
     year = 1993,
    month = oct,
   volume = 415,
    pages = {875-+},
      doi = {10.1086/173209},
   adsurl = {http://adsabs.harvard.edu/abs/1993ApJ...415..875B},
  adsnote = {Provided by the SAO/NASA Astrophysics Data System}
}

@ARTICLE{Stecher1997,
   author = {{Stecher}, T.~P. and {Cornett}, R.~H. and {Greason}, M.~R. and 
	{Landsman}, W.~B. and {Hill}, J.~K. and {Hill}, R.~S. and {Bohlin}, R.~C. and 
	{Chen}, P.~C. and {Collins}, N.~R. and {Fanelli}, M.~N. and 
	{Hollis}, J.~I. and {Neff}, S.~G. and {O'Connell}, R.~W. and 
	{Offenberg}, J.~D. and {Parise}, R.~A. and {Parker}, J. and 
	{Roberts}, M.~S. and {Smith}, A.~M. and {Waller}, W.~H.},
    title = "{The Ultraviolet Imaging Telescope: Instrument and Data Characteristics}",
  journal = {\pasp},
   eprint = {arXiv:astro-ph/9704297},
 keywords = {TELESCOPES},
     year = 1997,
    month = may,
   volume = 109,
    pages = {584-599},
      doi = {10.1086/133917},
   adsurl = {http://adsabs.harvard.edu/abs/1997PASP..109..584S},
  adsnote = {Provided by the SAO/NASA Astrophysics Data System}
}
